@Misc{duneweb,
  title =     {{\sc DUNE} -- {Distributed and Unified Numerics Environment}},
  howpublished = {\url{http://www.dune-project.org/}},
}

@Misc{gridhowto,
  title =     {{\sc DUNE} Grid Howto },
  author = {Bastian, Peter and Blatt, Markus and Dedner, Andreas and Engwer, Christian and Kl{\"o}fkorn, Robert and Ohlberger, Mario and Sander, Oliver},
  howpublished = {\url{http://www.dune-project.org/doc/grid-howto/grid-howto.html}},
}

@article{GitterPapier:06,
  author = {Bastian, Peter and Blatt, Markus and Dedner, Andreas and Engwer, Christian and Kl{\"o}fkorn, Robert and Ohlberger, Mario and Sander, Oliver},
  ALTeditor =  {},
  title = {A {G}eneric {G}rid {I}nterface for {P}arallel and {A}daptive {F}inite {E}lement {C}omputations},
  publisher = {},
  year = {2006},
}

@Misc{femdoku,
  title =     {{\sc DUNE FEM} -- {Doxygen documentation}},
  howpublished = {\url{http://www.mathematik.uni-freiburg.de/IAM/Research/projectskr/dune/doc/html/index.html}},
}

@Misc{wissrechnen,
  author = {Ohlberger, Mario and Dedner, Andreas},
  title = {{W}issenschaftliches {R}echnen und {A}nwendungen in der {S}tr\"{o}mungsmechanik},
  howpublished = {\url{http://http://www.mathematik.uni-freiburg.de/IAM/Teaching/ubungen/sci_com_SS06/skriptum.pdf}},
  year = {2006},
}

